@article{10.1093/cybsec/tyw002,
    author = {Laube, Stefan and BÃ¶hme, Rainer},
    title = "{The economics of mandatory security breach reporting to authorities}",
    journal = {Journal of Cybersecurity},
    volume = {2},
    number = {1},
    pages = {29-41},
    year = {2016},
    month = {12},
    issn = {2057-2085},
    doi = {10.1093/cybsec/tyw002},
    url = {https://doi.org/10.1093/cybsec/tyw002},
    eprint = {https://academic.oup.com/cybersecurity/article-pdf/2/1/29/10833147/tyw002.pdf},
}

@article{Cavusoglu2004TheEO,
  title={The Effect of Internet Security Breach Announcements on Market Value},
  author={Huseyin Cavusoglu and Birendra K. Mishra and Srinivasan Raghunathan},
  journal={International Journal of Electronic Commerce},
  year={2004},
  volume={9},
  pages={104 - 70}
}

@Inbook{Macho-Stadler2009,
author="Macho-Stadler, In{\'e}s
and P{\'e}rez-Castrillo, David",
editor="Meyers, Robert A.",
title="Principal-Agent Models",
bookTitle="Encyclopedia of Complexity and Systems Science",
year="2009",
publisher="Springer New York",
address="New York, NY",
pages="6977--6990",
isbn="978-0-387-30440-3",
doi="10.1007/978-0-387-30440-3_416",
url="https://doi.org/10.1007/978-0-387-30440-3_416"
}

@article{IR,
      other-identifiers = {10.15779/Z38HX3P},
      journal = {Berkeley Tech. L.J.. Berkeley Technology Law Journal},
      number = {IR},
      volume = {24},
      address = {2009-06},
      pages = {1133},
      author = {Winn, Jane K.},
      url = {http://lawcat.berkeley.edu/record/1122313},
      title = {Are Better Security Breach Notification Laws Possible},
      recid = {1122313},
      content-type = {Article},
}

@misc{gdpr,
  title        = {{G}{D}{P}{R} Compliance Guidelines},
  howpublished = {\url{https://gdpr.eu/}},
}















